2400 3788
522 114 674 185 epitaphio,

213 287 216 294 ’
264 305 280 342 6
387 284 457 362 fisg
542 296 563 341 a
638 284 659 340 h
762 275 851 342 cis'd'
918 277 946 341 e'

250 373 292 431 mi
366 358 471 447 lifasol
533 366 570 430 la
636 373 661 431 si
746 373 848 461 111616
909 373 950 430 mi
1022 376 1026 387 ’

116 516 119 525 t
223 460 320 539 ὑπάτη
521 459 595 540 μέση
890 459 965 539 νήτη

91 553 274 655 eundemque
298 596 361 638 esse
384 581 477 654 atquc
579 661 583 668 η

277 693 296 751 d
409 695 453 752 ef
557 705 581 768 g
652 711 671 752 a
777 688 840 751 hc‘
904 687 945 751 dl

91 818 220 895 plagalis
245 820 323 877 certe
347 820 392 877 est
414 819 501 878 huius
526 818 663 878 carminis
685 819 775 893 scala,
800 819 919 894 qualem
936 816 969 874 in
986 816 1104 892 hymnis

49 933 51 937 ’
91 926 181 983 supra
194 927 222 982 p.
235 909 252 966 9
269 909 352 966 6120
366 907 621 983 deprehendimus.
655 909 684 965 et
698 906 888 965 tetrachorda
898 924 964 964 cum
973 904 1105 964 medinm

91 996 222 1054 habeant
258 996 462 1071 semitonium,
498 996 657 1072 phrygiam
694 1014 756 1054 esse
792 995 920 1070 speciem
955 997 1008 1053 tuo
1041 994 1104 1052 iure

92 1085 208 1143 dixeris.
256 1086 394 1162 princeps
423 1087 523 1143 autem
551 1103 638 1144 sonus
666 1083 839 1143 harmoniae
867 1103 934 1142 cum
962 1085 1039 1141 esset
1067 1072 1104 1158 C,

91 1175 341 1252 responderetque
364 1175 396 1233 in
420 1173 599 1250 simplicium
614 1173 769 1240 ,scalarum
792 1172 871 1232 sonis
892 1164 989 1253 (nullo
1008 1163 1039 1262 1)
1059 1171 1105 1229 1111

73 1282 125 1338 49,
160 1267 284 1341 totaque
320 1263 476 1321 harmonia
507 1282 563 1337 par
595 1280 657 1320 esse
689 1261 841 1320 videretur
873 1262 970 1320 scalae
1001 1256 1105 1334 9—9',

91 1353 172 1411 haud
206 1352 296 1429 pauci
331 1351 443 1409 ioniam
475 1369 538 1409 csse
570 1350 708 1409 carminis
740 1350 927 1410 harmoniam
958 1349 1111 1431 dixerrmt,

93 1446 125 1501 at
152 1441 316 1516 principem
342 1439 432 1512 illum,
453 1458 558 1498 sonum
580 1440 663 1498 vides
685 1438 718 1497 in
739 1439 839 1498 media
862 1441 942 1498 scala
964 1438 1105 1514 positum,

93 1530 243 1605 plagalem
269 1527 360 1586 hebes
385 1526 530 1606 ordinem,
557 1527 686 1587 ambitus
711 1528 811 1587 autem
834 1529 1005 1588 continetur
1026 1528 1106 1586 inter

94 1610 198 1676 c—d‘.
244 1616 329 1692 atqui
352 1617 462 1692 species
486 1617 643 1692 diapason,
672 1637 800 1693 quarum
822 1618 943 1676 nomina
966 1616 1105 1676 discimus

96 1725 111 1764 e
137 1704 284 1764 Gleouidis
308 1697 450 1786 (p197)
475 1709 505 1764 61
528 1704 677 1765 Gaudenti
698 1707 829 1785 isagogis
849 1700 891 1788 (p.
912 1699 1000 1786 346),
1023 1706 1104 1780 ipsas

93 1814 210 1871 quoque
233 1795 368 1871 plagales
392 1813 454 1854 esse
478 1796 631 1872 contende,
654 1799 689 1854 ut
712 1798 747 1856 de
769 1795 853 1855 deria
872 1795 968 1871 specie
988 1785 1104 1877 (c-c')

94 1905 109 1942 6
143 1903 252 1962 magno
286 1884 347 1943 sive
379 1884 559 1943 immutabili
586 1888 747 1960 systemate
776 1875 976 1966 (A-a-c')
1006 1883 1106 1940 elicita

94 1976 227 2049 apparet.
273 1972 304 2030 in
327 1973 417 2031 tertia
440 1973 533 2050 igitur
555 1974 604 2031 hic
626 1993 779 2033 versamur
802 1972 911 2048 specie,
936 1990 1011 2046 quae
1036 1990 1105 2046 oxy-

93 2061 197 2137 pycnis
225 2061 305 2121 sonis
333 2062 500 2120 continetur
528 2064 568 2119 et·
584 2062 673 2121 tertio
700 2063 766 2121 loco
791 2060 908 2119 exhibet
931 2061 1105 2119 diazeuxeos

93 2154 211 2224 tonum,
238 2150 314 2208 hanc
340 2149 387 2206 illi
411 2150 567 2208 nominant
589 2150 787 2227 phrygiam.
833 2150 888 2209 hcc
911 2149 1107 2208 Reinachium

97 2258 215 2315 quoque
233 2237 341 2297 vidisse
361 2241 391 2296 61
408 2237 440 2296 in
458 2238 610 2298 Bulletino
629 2239 803 2297 XVH1366
825 2238 928 2298 docere
947 2237 1107 2297 admodum

95 2329 218 2405 gaudee.
274 2327 353 2401 quod
388 2329 489 2385 tamen
520 2327 633 2386 ioniam
663 2329 768 2387 volunt
799 2327 853 2386 alii
884 2346 946 2386 esse
979 2326 1107 2404 speciem

95 2415 246 2492 carminis,
274 2415 384 2490 quippe
410 2415 491 2491 quod
513 2419 543 2474 et
565 2416 598 2474 in
619 2419 714 2476 metro
736 2416 1011 2476 ioniam-naturam
1034 2434 1106 2492 prae

96 2526 126 2564 se
145 2507 231 2580 ferat,
249 2504 293 2563 nil
311 2505 410 2562 refert.
448 2504 552 2564 similis
572 2505 650 2564 enim
667 2505 727 2564 fuit
745 2509 775 2564 61
792 2505 960 2582 propinqua
978 2503 1107 2580 phrygia

96 2594 206 2670 species
238 2593 336 2676 ioniae
369 2611 445 2669 quae
478 2597 508 2652 61
538 2595 747 2672 hypophrygia
778 2594 938 2653 dicebatur.
970 2626 1012 2634 —
1041 2592 1107 2652 Hoc

96 2684 186 2742 etiam
204 2684 296 2743 melos
315 2683 367 2758 qui
386 2684 562 2758 composuit,
579 2684 605 2742 is
624 2685 785 2742 secundum
798 2683 954 2743 verborum
968 2684 1106 2741 accentus

95 2772 224 2830 intendit
246 2791 349 2832 vocem
372 2775 401 2830 61
424 2771 559 2831 remittit.

495 3073 706 3080 ...ω-
