2400 3788
637 986 664 1044 3.

248 1128 292 1194 De
315 1128 419 1196 altero
442 1129 559 1212 hymno
582 1129 774 1196 Atheniensi
797 1131 833 1196 in
854 1129 1045 1215 Apollinem.

208 1279 319 1355 Hymni
338 1279 436 1347 huiuS,
455 1299 542 1356 quem
561 1279 717 1338 ediderunt
734 1279 813 1338 Weil
832 1283 863 1338 61
876 1280 1006 1339 Reinach
1025 1279 1056 1336 in
1075 1278 1152 1338 libro

142 1389 170 1444 q.
193 1369 212 1426 i.
240 1368 371 1426 Barbatio
398 1370 433 1427 dc
455 1370 699 1442 correspondente
725 1369 882 1442 lectionique
909 1369 1010 1426 XVIII
1035 1360 1152 1448 (1894)

142 1477 171 1534 p.
196 1457 268 1531 345,
296 1456 388 1514 melos
415 1458 557 1532 scriptum
585 1461 630 1516 est
653 1456 776 1534 antiquo
800 1457 852 1516 illo
876 1461 1014 1517 notarum
1037 1476 1153 1534 genere,

144 1545 224 1622 quod
255 1546 520 1605 instrumentorum
551 1546 599 1604 vel
632 1564 748 1605 cruseos
780 1547 872 1605 fuisse
905 1545 1090 1605 Gaudentius
1123 1549 1154 1605 61

142 1633 288 1693 Aristides
316 1652 470 1709 perperam
498 1634 657 1693 affirmant.
707 1633 824 1693 Primae
852 1635 972 1710 quidem
1000 1635 1094 1711 partis
1122 1638 1154 1694 61

142 1742 238 1783 nonae
266 1724 296 1781 et
324 1722 453 1782 decimae
481 1724 567 1800 signa
595 1723 771 1799 deprompta
799 1742 860 1782 esse
888 1726 1014 1799 apparet
1041 1743 1076 1782 ex
1099 1724 1153 1782 illo

143 1816 214 1871 tono
233 1811 325 1887 lydio,
343 1831 431 1888 quem
445 1811 574 1888 Alypius
594 1814 747 1871 enumerat
764 1832 792 1889 p.
814 1814 875 1872 369
896 1814 926 1871 61
944 1812 991 1871 661
1010 1831 1025 1870 6
1043 1814 1153 1872 nostris

143 1903 221 1960 notis
245 1918 304 1958 nom
326 1901 345 1958 b
368 1902 416 1960 vel
438 1882 452 1972 b
473 1901 619 1975 convenit,
642 1901 693 1960 sed
713 1902 737 1960 b.
778 1902 885 1960 harum
903 1901 1034 1976 partium
1052 1920 1154 1961 mesen

144 1992 174 2048 61
196 1989 327 2065 hypaten
351 1993 381 2048 61
403 1993 491 2048 neten
514 1990 602 2049 facile
625 2008 773 2068 agnosces.
820 1993 865 2049 est
888 1991 979 2048 enim:

367 2115 479 2191 hypate
608 2133 687 2173 mese
841 2117 909 2174 11616

411 2219 439 2291 C
639 2234 672 2289 <
860 2243 884 2307 ι,

358 2346 377 2385 6
391 2352 433 2374 =
448 2329 490 2406 lup
581 2324 656 2387 d'=
671 2347 715 2407 rc3
806 2325 881 2388 c'=
896 2330 937 2408 lo3

143 2489 197 2528 nec
229 2468 395 2544 miraberis,
429 2470 507 2545 quod
534 2470 602 2528 inde
631 2488 649 2528 a
687 2470 881 2529 <bifariam
908 2471 999 2529 melos
1028 2471 1155 2531 discedit

143 2559 175 2616 in
206 2558 427 2617 tetrachordum
459 2561 514 2617 aut
546 2559 735 2618 coniunctum
767 2562 820 2618 aut
847 2559 1035 2619 disiunctum.
1085 2562 1155 2620 har·

143 2648 274 2706 moniam
296 2650 397 2706 autem

474 2745 515 2804 ab
540 2739 591 2827 (o‘)
617 2744 642 2802 d'
669 2738 724 2804 e'f'
747 2741 775 2824 ς’
798 2738 826 2803 a'

478 2863 514 2919 ef
541 2853 587 2943 (g)
622 2880 640 2919 a
668 2852 718 2922 hc'
746 2854 775 2920 d'
801 2855 825 2920 e‘

145 3003 268 3061 eandem
300 3021 362 3063 esse
394 3003 521 3078 doniam,
553 3003 584 3061 in
616 3023 677 3081 qua
708 3005 790 3080 prior
815 3005 942 3080 hymnus
969 3003 1155 3082 versabatur,

145 3110 230 3150 nemo
258 3111 316 3151 non
344 3092 433 3151 videt.
479 3092 611 3152 lichanos
634 3096 669 3152 ut
693 3093 760 3152 inde
784 3094 875 3168 afuit,
902 3095 946 3152 ita
968 3094 1037 3152 hiuc
1060 3093 1155 3155 abest.

144 3182 175 3238 in
202 3181 337 3256 partibus
360 3180 403 3239 IV
430 3185 461 3240 61
483 3181 542 3239 VII
570 3182 655 3258 signa
679 3172 791 3247 COD
820 3182 1031 3242 chromaticum
1060 3202 1156 3261 genus

128 3271 238 3334 apenos
257 3271 436 3345 ostendunt·
454 3271 561 3331 modus
580 3270 660 3330 idem
674 3291 736 3332 esse
752 3272 869 3332 ridetur
883 3275 973 3348 atque
987 3271 1018 3330 in
1032 3271 1047 3329 I
1061 3271 1104 3331 IX
1117 3273 1156 3334 X.

176 3357 391 3435 Reliquorum
419 3389 493 3433 vero
515 3372 660 3451 partium
682 3373 793 3449 dhaere,
814 3371 868 3448 qul
887 3371 930 3430 sit
947 3369 1068 3441 monus„
1084 3369 1162 3429 unm-
