2400 3788
397 669 420 732 1.
443 666 493 731 Ex
515 665 682 750 Euripidis
706 665 825 732 Oreste.

496 814 690 873 Stasimum
707 814 730 872 I.

543 984 567 1020 v.
582 970 674 1019 330ss.

172 1117 237 1175 Hoc
260 1116 367 1176 cantici
389 1117 591 1192 fragmentum
614 1135 649 1173 ex
667 1117 788 1192 papyris
808 1115 929 1174 Raineri
948 1114 1112 1174 archiducis

106 1205 260 1265 Austriaci
279 1205 371 1263 edidit
387 1203 510 1264 Carolus
524 1199 686 1280 Wessely.1
723 1205 948 1282 diligentissime
968 1204 1117 1262 examina·

105 1296 150 1354 vit
174 1294 245 1354 Otto
271 1293 402 1370 (husius,
431 1295 482 1369 qui
508 1295 619 1370 puncta
647 1294 836 1369 maculasque
864 1297 894 1352 et
917 1293 1062 1369 quidquid
1084 1293 1117 1350 in

105 1383 266 1460 phototypi
288 1383 393 1441 tabula
416 1383 567 1441 oculorum
588 1383 635 1440 vel
654 1383 917 1441 instrumentorum
936 1382 999 1441 acie
1018 1382 1117 1459 detegi

105 1475 238 1549 poterat,
269 1475 406 1530 accurate
433 1474 635 1546 perscrutatus
665 1464 706 1552 (v.
729 1471 919 1548 Philologum
946 1472 1002 1529 LH
1032 1472 1115 1530 1893

106 1582 135 1638 p.
161 1553 253 1641 174),
284 1560 417 1636 inspecto
449 1578 562 1635 papyro
595 1560 736 1618 lectiones
769 1559 929 1619 certissime
962 1559 1118 1618 constituit

108 1642 160 1731 (ib.
186 1643 274 1730 208).
321 1649 406 1726 signa
432 1648 527 1725 igitur
555 1648 687 1724 syllabae
714 1649 919 1724 producendae
946 1651 1117 1723 punctaque

107 1739 303 1815 percussionis
322 1739 374 1796 illo
394 1740 513 1796 auctore
532 1737 580 1795 hic
598 1737 689 1795 habes
708 1738 827 1814 scripta.
867 1740 897 1795 et
916 1737 1118 1795 dochmiorum

107 1828 221 1904 primae
249 1827 381 1902 syllabae
409 1827 488 1901 quod
515 1825 579 1884 ictu
606 1845 693 1902 saepe
720 1829 841 1884 notatae
864 1825 937 1901 sint,
964 1825 1117 1884 miraberis

108 1918 247 1991 fortasse,
280 1916 331 1976 sed
363 1915 470 1973 nititur
496 1933 543 1973 res
571 1916 749 1973 auctoritate
776 1916 885 1991 papyri
913 1916 943 1972 et
970 1914 1118 1972 affirmare

108 2005 227 2064 videtur
244 2005 276 2062 id
295 2005 373 2080 quod
388 2003 487 2062 Christ
505 2003 536 2061 in
555 2005 618 2062 arte
637 2005 760 2062 metrica
779 2004 823 2062 ed.
838 2004 868 2060 Π
884 2023 913 2079 p.
928 2005 991 2063 435
1008 2006 1038 2061 et
1054 2005 1116 2062 449

109 2094 144 2152 de
168 2093 369 2152 dochmiorum
392 2095 500 2151 natura
524 2093 638 2151 statrnt.

175 2182 271 2240 Notae
294 2182 382 2241 huius
406 2182 513 2240 cantici
532 2201 600 2240 cum
618 2183 767 2240 exstarent
786 2200 885 2240 omnes
904 2181 936 2238 in
955 2200 988 2239 eo
1008 2180 1119 2255 ordine,

110 2290 198 2347 quem
220 2270 366 2329 Aristides
390 2268 591 2339 Quintilianus
610 2270 658 2330 19
679 2291 707 2346 p.
724 2272 763 2327 22
789 2289 807 2327 a
830 2269 978 2328 veteribus
1002 2269 1046 2327 ait
1069 2269 1118 2326 ad-

108 2359 235 2418 hibitum
255 2378 316 2418 esse
336 2359 373 2416 ad
392 2362 496 2418 cantus
514 2359 665 2436 phrygios,
686 2359 797 2416 nemini
816 2358 976 2432 aliquando
996 2356 1119 2414 dubium

110 2448 266 2508 videbatur
294 2449 365 2523 quin
393 2448 431 2505 ad
457 2448 616 2525 phrygiam
639 2448 825 2505 harmoniam
847 2448 901 2504 hoc
925 2445 1016 2503 melos
1041 2447 1119 2503 esset

109 2537 315 2596 revocandum.
367 2528 489 2594 Monr02
521 2536 642 2611 quidem
674 2556 740 2596 cum
773 2535 940 2594 ostenderet
971 2533 1118 2609 principes

111 2644 196 2685 sonos
216 2645 278 2685 csse
296 2626 482 2701 barypyonos
500 2626 577 2700 illos,
601 2645 667 2684 cum
687 2616 716 2684 Z
735 2629 800 2683 tum
819 2614 856 2697 C,
881 2622 995 2680 doriam
1013 2622 1120 2680 statuit

111 2734 173 2774 esse
193 2715 331 2774 carminis
349 2715 542 2772 harmoniam.
580 2718 610 2772 et
627 2713 813 2791 gravioribus
832 2711 1014 2789 argumentis
1034 2711 1120 2769 nixus

112 2804 150 2861 ad
182 2804 306 2862 eandem
333 2822 386 2862 nos
414 2805 592 2862 sententiam
618 2803 756 2878 perduxit
783 2793 939 2860 Geraert.8
988 2802 1014 2859 is
1042 2801 1120 2858 enim

184 2995 198 3042 1
218 2988 417 3060 Mitteilungen
436 3006 486 3043 aus
505 2989 554 3042 der
573 2988 737 3058 Sammlung
755 2987 805 3041 der
822 2987 947 3057 Papyrus
966 2987 1121 3057 Erzhcrzog

112 3059 223 3115 Rainer.
242 3060 275 3114 V.
312 3059 495 3114 Vindobonae
515 3064 591 3113 1892.

185 3132 251 3187 21).
270 3132 301 3184 B.
320 3131 430 3199 Monro,
453 3131 501 3185 the
524 3129 619 3184 modes
643 3129 675 3183 of
693 3129 805 3184 ancient
823 3129 909 3199 greek
927 3128 1027 3184 musik.
1067 3129 1120 3184 Ox-

112 3202 175 3257 ford
194 3208 270 3258 1894.
296 3221 322 3272 p.
339 3208 380 3257 93.

184 3281 199 3327 3
219 3272 292 3328 Frid.
312 3274 383 3343 Aug.
403 3271 535 3339 Gerasa,
559 3271 588 3325 la
611 3271 737 3341 melopee
761 3271 875 3339 entique
900 3271 970 3324 dans
989 3270 1016 3326 le
1036 3271 1122 3326 ehant

114 3345 148 3398 de
167 3344 274 3416 l’egliee
293 3344 389 3399 latine.
427 3343 508 3398 Gend
528 3348 604 3398 1895.
642 3342 797 3413 appendice
815 3362 842 3413 p.
858 3347 917 3396 388.
