2400 3788
424 797 468 863 De
493 799 688 865 carminibus
712 802 802 880 5-7,

174 946 255 1017 Quae
288 949 454 1022 sequuntur
485 946 617 1005 carmina
650 948 687 1005 ad
717 948 846 1023 Musam,
880 948 919 1006 ad
947 948 1045 1007 Solem
1077 947 1116 1006 ad

106 1037 256 1110 Nemesin,
280 1055 315 1094 ea
333 1036 439 1094 iisdem
457 1035 606 1096 codicibus
625 1035 725 1094 omnia
744 1035 933 1095 continentur
952 1039 980 1096 ct
998 1036 1036 1095 ab
1054 1055 1115 1095 uno

106 1128 197 1202 poeta
224 1125 389 1201 composita
417 1135 487 1184 csse'
507 1124 558 1183 diu
586 1125 841 1184 existimabantur.
887 1124 960 1185 Cum
986 1144 1056 1185 vero
1085 1125 1118 1182 in

106 1214 203 1291 primo
233 1232 335 1272 eorum
362 1215 463 1273 ualeat
489 1215 538 1272 lex
564 1214 619 1272 illa
647 1233 723 1290 quae
748 1215 908 1273 melodiam
931 1214 1014 1290 sequi
1034 1213 1118 1273 iubet

106 1303 264 1363 verborum
280 1290 447 1379 accentus,
483 1303 516 1360 in
547 1303 670 1377 reliquis
703 1306 805 1362 autem
837 1302 1014 1361 carminibus
1044 1303 1118 1360 haec

106 1385 270 1470 ignoretur,
294 1410 311 1448 a
335 1391 458 1450 diversis
476 1392 646 1451 hominibus
665 1394 696 1451 et
714 1393 885 1458 condicione
903 1392 1019 1451 diversa
1037 1392 1120 1450 facta

107 1499 170 1540 esse
192 1479 372 1556 putabimus,
971 1487 973 1492 '
1086 1483 1088 1487 ’

176 1569 216 1628 Et
235 1568 369 1627 codicum
388 1568 567 1645 scriptorum
585 1570 725 1643 familiae,
743 1589 928 1645 quamquam
945 1569 993 1627 Fr.
1007 1559 1121 1638 Bellerss

109 1678 213 1732 mann,
260 1657 313 1733 qui
359 1658 508 1735 egregiam
547 1658 594 1717 his
635 1658 815 1717 carminibus
855 1657 978 1717 navarit
1018 1675 1121 1715 curam

110 1743 220 1824 (Berol.
250 1741 362 1830 1840),
394 1767 422 1822 p.
451 1749 581 1807 10-20
614 1747 787 1807 statuendas
819 1747 939 1824 putarit
969 1747 1122 1821 quattuor,

111 1837 184 1895 satis
216 1835 389 1895 babebimus
420 1836 577 1906 admittere
605 1836 687 1895 duas.
737 1855 808 1894 narn
835 1837 912 1895 alter
937 1835 1020 1894 illius
1048 1835 1121 1893 ordo

112 1945 147 1984 ex
171 1924 349 1984 editionibus
373 1924 565 2002 consistebat,
590 1944 663 2002 quas
686 1925 805 1984 fluxisse
828 1944 863 1983 ex
885 1924 1001 1983 familia
1023 1924 1122 2000 prima

110 2014 174 2090 ipse
188 2015 222 2072 B.
247 2008 475 2089 suspicabatur1
493 2017 523 2074 et
538 2015 645 2074 codicis
659 2013 854 2091 Neapolitani
866 2014 937 2074 fatis
952 2017 982 2072 et
995 2013 1121 2073 historia

110 2095 284 2179 probatur²;
317 2105 440 2177 quartus
474 2107 574 2162 autem
607 2106 677 2163 ordo
711 2124 779 2163 cum
810 2104 895 2181 signa
922 2103 1035 2162 musica
1061 2121 1121 2161 non

111 2192 261 2267 exhibeat,
289 2194 404 2250 restant
431 2191 514 2269 digni
543 2212 617 2267 quos
641 2194 858 2252 consideremus
882 2193 952 2251 ordo
976 2192 991 2249 I
1014 2193 1045 2249 et
1066 2191 1122 2249 HI.

110 2313 323 2320 ——-—--

184 2385 196 2431 1
218 2345 403 2433 Oxoniensem
426 2378 579 2433 editionem
601 2377 655 2432 niti
674 2378 837 2434 Florentino
855 2378 1033 2432 Bellermann
1056 2381 1120 2431 con-

112 2449 188 2504 cedit
209 2468 237 2520 p.
258 2455 298 2519 16,
327 2449 518 2504 Florentinam
546 2449 772 2521 eNeapolitano
791 2448 896 2505 ,codice
924 2451 1016 2503 ortam
1037 2450 1123 2518 putat
1185 2459 1189 2468 ·

110 2539 137 2646 E.
163 2526 203 2575 17.
251 2520 330 2586 Quod
358 2523 454 2576 autern
481 2521 596 2576 Burctte
623 2541 648 2590 p.
674 2527 724 2575 183
751 2520 841 2575 tradit
867 2520 902 2574 de
930 2518 1122 2590 manuscripto

137 2591 274 2660 iberniae,
297 2591 327 2645 id
350 2609 450 2647 revoco
474 2594 510 2647 ad
534 2610 568 2647 ea
587 2609 660 2661 quae
678 2592 762 2647 Usser
780 2590 966 2660 exscripserat
983 2606 998 2644 e
1018 2589 1121 2646 Galilei

112 2661 242 2718 editione.
280 2663 314 2717 cf.
328 2663 398 2719 Bell.
413 2669 438 2718 8.

184 2732 322 2787 adalilei
344 2752 410 2788 usus
433 2736 476 2789 est
499 2734 595 2789 codice
614 2732 747 2788 Aristidis
771 2735 801 2788 et
818 2732 964 2803 Brycnnfi,
989 2732 1039 2802 qui
1061 2735 1123 2787 erat

114 2804 140 2859 S.
164 2803 266 2873 Angeli
292 2804 443 2859 cardinalis
467 2804 546 2874 (Bell.
571 2807 606 2875 7).
647 2804 730 2859 huius
754 2806 850 2859 autern
872 2803 975 2876 Angeli
997 2803 1122 2858 Rannoei

111 2873 179 2928 libri
210 2874 369 2930 hereditate
396 2877 533 2930 venerunt
561 2882 628 2932 1665
658 2875 695 2932 ad
722 2875 913 2930 Alexandrum
939 2874 1122 2930 Famesinum

111 2945 190 3000 illius
217 2945 345 3014 fratrem,
373 2945 423 3015 qui
445 2948 614 3002 testamento
640 2946 748 3018 legavit
771 2945 901 3002 Odoardo
924 2946 1021 3018 nepoti
1044 2950 1121 3000 1589.

113 3016 246 3086 (Nolhac,
269 3016 467 3086 Bibliothaque
490 3019 525 3072 de
548 3018 647 3073 Fulvio
672 3016 773 3073 Orsini.
814 3018 894 3072 Paris
918 3023 995 3084 1887,
1019 3022 1043 3072 9.
1069 3020 1123 3086 22.)

115 3087 330 3143 Parnesinorum
349 3091 444 3143 autern
462 3088 528 3142 libri
543 3095 611 3143 1736
624 3089 727 3144 Parma
744 3088 878 3144 translati
894 3090 959 3142 sunt
972 3087 1122 3158 Neapolim

112 3158 222 3240 §Blume
245 3159 299 3214 iter
321 3159 383 3214 Ital.
406 3159 502 3215 Berlin
525 3165 601 3214 1824.
638 3160 686 3216 IV.
711 3166 734 3215 ὅ.
757 3166 799 3216 14.
836 3159 945 3214 Nolhac
966 3161 1034 3227 137).
1071 3173 1123 3212 nec

111 3228 201 3299 igitur
224 3230 341 3286 dubium
361 3234 416 3301 est,
440 3231 508 3300 quin
525 3230 613 3301 Neap.
628 3230 732 3286 11104
756 3231 794 3286 sit
815 3230 864 3285 ille
882 3228 1015 3284 Aristidis
1034 3229 1122 3284 codex

112 3317 128 3354 e
147 3318 202 3370 quo
221 3301 333 3357 fluxerit
351 3302 437 3358 editio
457 3300 567 3357 Galilei.
